@article{bommasani2021,
  title   = {On the Opportunities and Risks of Foundation Models},
  author  = {Bommasani, Rishi and others},
  year    = {2021},
  journal = {arXiv preprint arXiv:2108.07258}
}

@inproceedings{sutton2019,
  title={The Bitter Lesson},
  author={Sutton, Richard S.},
  booktitle={In \emph{Incomplete Ideas}},
  year={2019},
  note={Essay}
}

@article{flesher2016,
  title={Intracortical microstimulation of human somatosensory cortex},
  author={Flesher, S. N. and others},
  journal={Science Translational Medicine},
  year={2016},
  volume={8},
  number={361},
  pages={361ra141},
  doi={10.1126/scitranslmed.aaf8083}
}

% --- Placeholders to replace with your actual references ---
@article{refsPlaceholder,
  title={[Add citations for cursor/arm, speech/language BCIs, etc.]},
  author={[Add authors]},
  journal={[Add journal]},
  year={[Year]}
}

@article{surveyPlaceholder,
  title={[Add a recent BCI algorithms survey or perspective]},
  author={[Add authors]},
  journal={[Add journal]},
  year={[Year]}
}

@article{citationNeeded,
  title={[Stability of perceptual quality over days in ICMS]},
  author={[Add authors]},
  journal={[Add journal]},
  year={[Year]}
}

@article{hughesPlaceholder,
  title={[Electrode-specific variation of ICMS frequency/amplitude effects]},
  author={[Add authors]},
  journal={[Add journal]},
  year={[Year]}
}
